<record><leader>00000cas a2200000 a 4500</leader><controlfield tag="001">11140774</controlfield><controlfield tag="008">840911d18uu1uuukyuwr ne      0    0eng d</controlfield><datafield ind1=" " ind2=" " tag="010"><subfield code="a">sn 84027429 </subfield></datafield><datafield ind1=" " ind2=" " tag="040"><subfield code="a">NPU</subfield><subfield code="b">eng</subfield><subfield code="c">NPU</subfield><subfield code="d">KNP</subfield><subfield code="d">OCL</subfield><subfield code="d">OCLCQ</subfield><subfield code="d">OCLCF</subfield><subfield code="d">OCLCO</subfield></datafield><datafield ind1="1" ind2=" " tag="029"><subfield code="a">AU@</subfield><subfield code="b">000020231933</subfield></datafield><datafield ind1=" " ind2=" " tag="042"><subfield code="a">msc</subfield></datafield><datafield ind1=" " ind2=" " tag="043"><subfield code="a">n-us-ky</subfield></datafield><datafield ind1="0" ind2="4" tag="245"><subfield code="a">The Bardstown Saturday gazette.</subfield></datafield><datafield ind1="1" ind2="3" tag="246"><subfield code="a">Bardstown weekly gazette</subfield></datafield><datafield ind1="3" ind2="0" tag="246"><subfield code="a">Bardstown family gazette</subfield></datafield><datafield ind1=" " ind2=" " tag="260"><subfield code="a">Bardstown, Ky. :</subfield><subfield code="b">H. Milburn M'Carty</subfield></datafield><datafield ind1=" " ind2=" " tag="300"><subfield code="a">v. :</subfield><subfield code="b">ill.</subfield></datafield><datafield ind1=" " ind2=" " tag="310"><subfield code="a">Weekly</subfield></datafield><datafield ind1=" " ind2=" " tag="500"><subfield code="a">Published as: Bardstown family gazette &lt;1855-1857&gt;.</subfield></datafield><datafield ind1=" " ind2=" " tag="500"><subfield code="a">Published every Saturday.</subfield></datafield><datafield ind1=" " ind2=" " tag="515"><subfield code="a">Issue for June 23, 1895 called also Old ser., v. 8, no. 371.</subfield></datafield><datafield ind1=" " ind2=" " tag="588"><subfield code="a">Description based on: New ser., v. 1, no. 7 (June 23, 1855).</subfield></datafield><datafield ind1=" " ind2="0" tag="651"><subfield code="a">Bardstown (Ky.)</subfield><subfield code="v">Newspapers.</subfield></datafield><datafield ind1=" " ind2="0" tag="651"><subfield code="a">Nelson County (Ky.)</subfield><subfield code="v">Newspapers.</subfield></datafield><datafield ind1=" " ind2="7" tag="655"><subfield code="a">Newspapers.</subfield><subfield code="2">fast</subfield><subfield code="0">(OCoLC)fst01423814</subfield></datafield><datafield ind1=" " ind2="7" tag="651"><subfield code="a">Kentucky</subfield><subfield code="z">Bardstown.</subfield><subfield code="2">fast</subfield><subfield code="0">(OCoLC)fst01214661</subfield></datafield><datafield ind1=" " ind2="7" tag="651"><subfield code="a">Kentucky</subfield><subfield code="z">Nelson County.</subfield><subfield code="2">fast</subfield><subfield code="0">(OCoLC)fst01203044</subfield></datafield><datafield ind1=" " ind2=" " tag="752"><subfield code="a">United States</subfield><subfield code="b">Kentucky</subfield><subfield code="c">Nelson</subfield><subfield code="d">Bardstown.</subfield></datafield><datafield ind1="0" ind2="0" tag="780"><subfield code="t">Bardstown gazette (Bardstown, Ky. : 1841)</subfield><subfield code="w">(DLC)sn 82014706</subfield></datafield></record>